@INPROCEEDINGS{5541300,  author={Brand, Michael and Masuda, Michael and Wehner, Nicole and Xiao-Hua Yu},  booktitle={2010 International Conference On Computer Design and Applications},   title={Ant Colony Optimization algorithm for robot path planning},   year={2010},  volume={3},  number={},  pages={V3-436-V3-440},  doi={10.1109/ICCDA.2010.5541300}}

@INPROCEEDINGS{9148277,  author={Zhao, Hong},  booktitle={2020 International Wireless Communications and Mobile Computing (IWCMC)},   title={Optimal Path Planning for Robot Based on Ant Colony Algorithm},   year={2020},  volume={},  number={},  pages={671-675},  doi={10.1109/IWCMC48107.2020.9148277}}

@INPROCEEDINGS{7823281,  author={Joshy, Parvathy and Supriya, P},  booktitle={2016 International Conference on Inventive Computation Technologies (ICICT)},   title={Implementation of robotic path planning using Ant Colony Optimization Algorithm},   year={2016},  volume={1},  number={},  pages={1-6},  doi={10.1109/INVENTIVE.2016.7823281}}

@INPROCEEDINGS{8991502,  author={Nie, Zhen and Zhao, Huailin},  booktitle={2019 International Conference on Intelligent Informatics and Biomedical Sciences (ICIIBMS)},   title={Research on Robot Path Planning Based on Dijkstra and Ant Colony Optimization},   year={2019},  volume={},  number={},  pages={222-226},  doi={10.1109/ICIIBMS46890.2019.8991502}}


@article{1621617,
author = {Liu, Jianhua and Yang, Jianguo and Liu, Huaping and Tian, Xingjun and Gao, Meng},
title = {An Improved Ant Colony Algorithm for Robot Path Planning},
year = {2017},
issue_date = {October 2017},
publisher = {Springer-Verlag},
address = {Berlin, Heidelberg},
volume = {21},
number = {19},
issn = {1432-7643},
journal = {Soft Comput.},
month = oct,
pages = {5829â€“5839},
numpages = {11},
url = {https://doi.org/10.1007/s00500-016-2161-7},
doi = {10.1007/s00500-016-2161-7}}